% This file was created with JabRef 2.10b2.
% Encoding: UTF-8


@Misc{nctuurl,
  Title                    = {國立交通大學},

  Author                   = {NCTU},

  Owner                    = {Potter},
  Timestamp                = {2021.01.31},
  Url                      = {http://www.nctu.edu.tw}
}

@Book{Potter_2021,
  Title                    = {{The History of Magic World}},
  Author                   = {Harry Potter and Albus Dumbledore},
  Editor                   = {Joanne Rowling},
  Publisher                = {Bloomsbury Publishing},
  Year                     = {2021},

  Owner                    = {Potter},
  Pages                    = {11--21},
  Timestamp                = {2021.01.31}
}

@Article{Potter_2021,
  Title                    = {{The way to beat the dark lord, from Love to Horcrux}},
  Author                   = {Harry Potter and Albus Dumbledore},
  Journal                  = {Journal of Supplementary},
  Year                     = {2021},
  Number                   = {1},
  Pages                    = {11--21},
  Volume                   = {9487}
}

@misc{DeepSeek-RL,
  author       = {Zhihong Chen and Wentao Zhang and Yewen Pu and et al.},
  title        = {DeepSeek-RL: Incentivizing Reasoning Capability in LLMs via Reinforcement Learning},
  year         = {2024},
  howpublished = {arXiv preprint arXiv:2405.02879},
  url          = {https://arxiv.org/abs/2405.02879}
}

@misc{LlamaCpp-Issue,
  author       = {Georgi Gerganov and others},
  title        = {Throughput becomes extremely low when I try to run multi-device inference on llama.cpp via RPC protocol},
  howpublished = {GitHub issue},
  year         = {2023},
  url          = {https://github.com/ggerganov/llama.cpp/issues/3832},
  note         = {Accessed: [Date of Access]}
}

@misc{Narayan2025Minions,
  author       = {Avanika Narayan and Dan Biderman and Sabri Eyuboglu and Avner May and Scott Linderman and James Zou and Christopher Re},
  title        = {Minions: Cost-efficient Collaboration Between On-device and Cloud Language Models},
  year         = {2025},
  howpublished = {arXiv preprint arXiv:2502.15964},
  url          = {https://arxiv.org/abs/2502.15964}
}

@inproceedings{Vaswani2017Attention,
  author    = {Ashish Vaswani and
               Noam Shazeer and
               Niki Parmar and
               Jakob Uszkoreit and
               Llion Jones and
               Aidan N. Gomez and
               Lukasz Kaiser and
               Illia Polosukhin},
  title     = {Attention Is All You Need},
  booktitle = {Advances in Neural Information Processing Systems 30},
  pages     = {5998--6008},
  year      = {2017},
  url       = {https://proceedings.neurips.cc/paper/2017/file/3f5ee243547dee91fbd053c1c4a845aa-Paper.pdf}
}

@inproceedings{Lewis2020RAG,
  author    = {Patrick Lewis and
               Ethan Perez and
               Aleksandra Piktus and
               Fabio Petroni and
               Vladimir Karpukhin and
               Naman Goyal and
               Heinrich K{\"{u}}ttler and
               Mike Lewis and
               Wen{-}tau Yih and
               Tim Rockt{\"{a}}schel and
               Sebastian Riedel and
               Douwe Kiela},
  title     = {Retrieval-Augmented Generation for Knowledge-Intensive {NLP} Tasks},
  booktitle = {Advances in Neural Information Processing Systems 33},
  pages     = {9459--9474},
  year      = {2020},
  url       = {https://proceedings.neurips.cc/paper/2020/file/6b493230205f780e1bc26945df7481e5-Paper.pdf}
}

@article{Luan2024Hierarchical,
  author    = {Zhirong Luan and
               Yujun Lai and
               Rundong Huang and
               Yan Yan and
               Jingwei Wang and
               Jizhou Lu and
               Badong Chen},
  title     = {Hierarchical Large Language Models in Cloud Edge End Architecture for
               Heterogeneous Robot Cluster Control},
  journal   = {CoRR},
  volume    = {abs/2402.03703},
  year      = {2024},
  url       = {https://arxiv.org/abs/2402.03703}
}

@article{Touvron2023LLaMA,
  author    = {Hugo Touvron and
               Thibaut Lavril and
               Gautier Izacard and
               Xavier Martinet and
               Marie-Anne Lachaux and
               Timoth{\'{e}}e Lacroix and
               Baptiste Rozi{\`{e}}re and
               Naman Goyal and
               Eric Hambro and
               Faisal Azhar and
               Aurelien Rodriguez and
               Armand Joulin and
               Edouard Grave and
               Guillaume Lample},
  title     = {{LLaMA}: Open and Efficient Foundation Language Models},
  journal   = {CoRR},
  volume    = {abs/2302.13971},
  year      = {2023},
  url       = {https://arxiv.org/abs/2302.13971}
}

@misc{HuggingFace2024OpenR1,
  author = {Hugging Face},
  title = {Open R1},
  year = {2024},
  publisher = {GitHub},
  journal = {GitHub repository},
  howpublished = {\\url{https://github.com/huggingface/open-r1}}
}

@misc{gerganov2023llamacpp,
  author = {Georgi Gerganov and others},
  title = {llama.cpp: Inference of LLaMA model in pure C/C++},
  year = {2023},
  publisher = {GitHub},
  journal = {GitHub repository},
  howpublished = {\\url{https://github.com/ggerganov/llama.cpp}}
}

@inproceedings{Kwon2023vLLM,
  author    = {Woosuk Kwon and
               Zhuohan Li and
               Siyuan Zhuang and
               Ying Sheng and
               Lianmin Zheng and
               Cody Hao Yu and
               Joseph E. Gonzalez and
               Hao Zhang and
               Ion Stoica},
  title     = {Efficient Memory Management for Large Language Model Serving with PagedAttention},
  booktitle = {Proceedings of the 29th ACM Symposium on Operating Systems Principles},
  pages     = {611--626},
  year      = {2023},
  url       = {https://doi.org/10.1145/3600006.3613165}
}

@misc{DeepSpeed,
  author = {Microsoft},
  title = {DeepSpeed: Deep Learning Optimization Library},
  year = {2020},
  publisher = {GitHub},
  journal = {GitHub repository},
  howpublished = {\\url{https://github.com/microsoft/DeepSpeed}}
}

@article{Liu2023Scissorhands,
  author    = {Cheng-Yu Liu and
               Zhenyu Zhang and
               Zhaoxia Chen and
               Chun-Liang Li and
               Yao-Hung Hubert Tsai and
               Wen-Lian Hsu},
  title     = {Scissorhands: Exploiting the Sparsity of Key-Value Cache in Large
               Language Models},
  journal   = {CoRR},
  volume    = {abs/2305.17118},
  year      = {2023},
  url       = {https://arxiv.org/abs/2305.17118}
}

@article{Zhang2024PyramidInfer,
  author    = {Zhe Zhang and
               Zirui Liu and
               Yuxiang TANG and
               Guohong Fu and
               Guangtong ZHU},
  title     = {PyramidInfer: Pyramid KV Cache Compression for High-throughput LLM Inference},
  journal   = {CoRR},
  volume    = {abs/2405.12532},
  year      = {2024},
  url       = {https://arxiv.org/abs/2405.12532}
}

@article{Wang2024MoA,
  author    = {Jun-Kai Wang and
               Yifan Song and
               Wayne Xin Zhao and
               Kun Zhou and
               Ji-Rong Wen},
  title     = {Mixture-of-Agents Enhances Large Language Model Capabilities},
  journal   = {CoRR},
  volume    = {abs/2406.04692},
  year      = {2024},
  url       = {https://arxiv.org/abs/2406.04692}
}

@article{Zhang2024SMoA,
    title={SMoA: Sparse Mixture-of-Agents for Efficient Language Model Inference},
    author={Xudong Zhang and Weihao Zeng and R.J. Taly and Parsa Yazdani and Conglong Li and Chunan Shi and Yuxiong He},
    year={2024},
    eprint={2411.03284},
    archivePrefix={arXiv},
    primaryClass={cs.LG}
}

@article{Li2025RethinkingMoA,
  author    = {Shaolei Li and
               Ping-yeh Chiang and
               Chien-Yu Lin and
               Xiang-Yang Li},
  title     = {Rethinking Mixture-of-Agents: Is Mixing Different Large Language Models
               Beneficial?},
  journal   = {CoRR},
  volume    = {abs/2502.00674},
  year      = {2025},
  url       = {https://arxiv.org/abs/2502.00674}
}

@inproceedings{Zhang2023H2O,
  author    = {Zhenyu Zhang and
               Ying Sheng and
               Tianyi Zhou and
               Tianlong Chen and
               Lianmin Zheng and
               Ruisi Cai and
               Zhao Song and
               Yuandong Tian and
               Christopher Re and
               Clark Barrett and
               Zhangyang Wang and
               Beidi Chen},
  title     = {H2O: Heavy-Hitter Oracle for Efficient Generative Inference of Large Language Models},
  booktitle = {Advances in Neural Information Processing Systems 36},
  pages     = {29444--29464},
  year      = {2023},
  url       = {https://proceedings.neurips.cc/paper/2023/file/5c99b8e1bfaa95c5c7b817dde1b49ca9-Paper-Conference.pdf}
}

@inproceedings{Liu2023Scissorhands,
  author    = {Zichang Liu and
               Aditya Desai and
               Fangshuo Liao and
               Weitao Wang and
               Victor Xie and
               Zhaozhuo Xu and
               Anastasios Kyrillidis and
               Anshumali Shrivastava},
  title     = {Scissorhands: Exploiting the Persistence of Importance Hypothesis for LLM KV Cache Compression at Test Time},
  booktitle = {Advances in Neural Information Processing Systems 36},
  pages     = {9428--9442},
  year      = {2023},
  url       = {https://proceedings.neurips.cc/paper/2023/file/42d16f95b1f5e0cb10ef63c2f2ad5bb1-Paper-Conference.pdf}
}

